2289 3552
476 300 531 335 IO
755 300 1007 334 IOANNAE
1064 299 1308 335 DARCIAE
1345 301 1653 336 IVDICIVM.

467 393 702 454 ordine
755 394 1068 477 fratrum
1126 394 1679 476 praedicatorum,
1755 417 1957 459 sacrae

467 495 820 575 theologice
846 497 1214 579 professor,
1254 497 1562 558 lzaereticae
1594 499 1956 579 prauitatis

467 599 538 660 in
567 619 782 678 regno
813 599 874 660 F
876 599 1122 660 ranciee
1158 600 1327 660 alter
1361 601 1739 683 inquisitor,
1784 603 1954 665 iudi-

465 722 561 762 ces
614 704 652 762 a
704 701 1124 763 sanctissimo
1182 703 1450 764 domino
1506 712 1730 766 nostro
1778 714 1955 789 papa

464 805 778 866 moderno
812 804 1188 887 specialiter
1221 807 1535 886 delegati.
1581 807 1774 869 VISO
1799 817 1953 892 pro-

463 927 639 968 cessu
673 928 900 970 coram
942 908 1129 970 nobis
1168 909 1526 971 solenniter
1573 911 1837 990 agitato
1885 912 1955 974 in

460 1010 601 1072 vim
635 1011 915 1092 suscepti
938 1020 1062 1093 per
1094 1033 1209 1073 nos
1242 1020 1617 1074 reuerenter
1652 1016 1956 1077 mandati

459 1115 841 1196 Apostolici
862 1115 1047 1177 nohis
1067 1116 1307 1177 directi
1323 1125 1451 1199 pro
1470 1123 1661 1198 parte
1681 1119 1953 1181 lionestae

459 1218 678 1280 viduee
708 1218 1191 1280 ISABELLAE
1218 1219 1469 1282 DARC
1495 1220 1657 1281 olim
1685 1224 1947 1300 matris7

459 1343 533 1383 ac
567 1321 760 1384 Petri
787 1322 839 1382 ἑὲ
866 1322 1138 1383 Ioannis
1166 1323 1496 1384 dictorum
1521 1324 1778 1388 DARC
1796 1327 1952 1409 fra-

460 1433 640 1487 trum
674 1446 1181 1505 germ-anorimz,
1225 1428 1642 1489 naturalium
1685 1429 1739 1489 cs}
1780 1430 1950 1509 legi-

458 1529 779 1591 timorum
845 1529 1022 1590 honae
1087 1530 1422 1591 memoriee
1483 1532 1521 1592 I
1536 1530 1588 1593 O
1609 1532 1677 1593 A
1696 1532 1769 1594 Ν
1779 1533 1852 1595 Ν
1863 1534 1952 1595 AE

455 1633 792 1706 DARC,
863 1633 1256 1713 vulgariter
1321 1635 1506 1696 dictee
1578 1636 1715 1698 LA
1786 1637 1950 1700 PU-

462 1737 810 1801 CELLE
846 1738 1192 1820 defunctae,
1233 1759 1632 1823 suorumque
1651 1762 1671 1817 ,·
1713 1749 1948 1823 paren-

455 1849 593 1902 tum
616 1841 996 1902 nominibus
1016 1850 1314 1903 actorum
1326 1864 1347 1920 ,·
1374 1843 1623 1906 Contra
1648 1845 1701 1905 &2
1720 1846 1948 1907 aduer—

452 1965 562 2005 sus
600 1944 1187 2026 subinquisitorem
1228 1946 1538 2007 lieereticee
1578 1947 1949 2029 prauitatis

456 2049 526 2110 in
566 2048 811 2110 diocesi
846 2049 1240 2110 Beluacensi
1275 2050 1698 2112 constitutum
1717 2074 1738 2130 7·
1785 2051 1947 2113 Con-

455 2162 562 2215 tra
614 2160 1065 2236 promotorem
1126 2155 1563 2235 negociorum
1630 2156 1946 2217 crimina-

455 2256 623 2318 lium
665 2256 1053 2340 episcopalis
1095 2259 1299 2320 curiae
1339 2260 1786 2338 Beluacensis7
1837 2283 1947 2322 nec

454 2383 584 2424 non
625 2370 853 2424 contra
894 2365 1327 2425 reuerendum
1369 2364 1439 2425 in
1480 2363 1532 2427 C
1544 2364 1613 2425 H
1626 2365 1736 2426 R]
1749 2365 1795 2426 S
1820 2365 1943 2428 TO

446 2472 699 2548 patrem
733 2466 1072 2528 dominum
1101 2465 1510 2529 Gulielmum
1532 2469 1606 2529 cle
1624 2468 1945 2531 Hellencla

453 2569 822 2652 episcopum
845 2571 1333 2644 Beluacensem‚
1366 2578 1776 2654 caeterosque7·
1807 2573 1947 2635 vni-

454 2694 675 2735 uersos
710 2674 764 2735 ἑὲ
800 2674 1114 2754 singulos
1145 2696 1267 2736 sua
1304 2675 1374 2736 in
1417 2675 1533 2736 lzac
1559 2682 1750 2756 parte
1789 2676 1943 2736 inte-

453 2798 621 2838 resse
684 2778 1006 2839 credentes
1086 2777 1469 2861 respectiue‘,
1542 2778 1944 2840 coniunctim

453 2884 649 2964 quam
697 2881 979 2943 diuisim
1027 2903 1191 2944 reos,
1250 2882 1408 2944 Visa
1460 2882 1800 2964 imprimis
1840 2891 1943 2965 pe-

456 2986 816 3065 remptoria
851 2986 1256 3057 euocatiorm,
1292 2987 1344 3047 ἐξ)
1377 2987 1751 3048 executione
1777 2986 1940 3047 eius-
